<?xml version="1.0" encoding="UTF-8"?><collection xmlns="http://www.loc.gov/MARC21/slim"><record><leader>00445nam--2200145-i-4500</leader><controlfield tag="001">000011239</controlfield><controlfield tag="002">20161230</controlfield><controlfield tag="005">20161230201029</controlfield><controlfield tag="008">060222s1000------------r-----000-0-eng-d</controlfield><datafield ind1=" " ind2=" " tag="080"><subfield code="a">539.922(047.1)</subfield></datafield><datafield ind1=" " ind2=" " tag="100"><subfield code="a">Bers, A.And Vianna, Marcio L</subfield></datafield><datafield ind1=" " ind2=" " tag="245"><subfield code="a">Beam-plasma interaction in a longitudinal dens ity gradient</subfield></datafield><datafield ind1=" " ind2=" " tag="260"><subfield code="a">Rio De Janeiro, Centro Brasileiro De Pesquisas Fisicas, 1974 /147-158 P.</subfield></datafield><datafield ind1=" " ind2=" " tag="490"><subfield code="a">Notas De Fisicas</subfield></datafield><datafield ind1=" " ind2=" " tag="852"><subfield code="a">13930</subfield></datafield></record></collection>